<record><leader>00000cas a2200000 a 4500</leader><controlfield tag="001">44028845</controlfield><controlfield tag="008">000511d19691987iluwr ne      0   a0eng c</controlfield><datafield ind1=" " ind2=" " tag="010"><subfield code="a">sn 00062159 </subfield></datafield><datafield ind1=" " ind2=" " tag="040"><subfield code="a">CVF</subfield><subfield code="b">eng</subfield><subfield code="c">CVF</subfield><subfield code="d">OCLCQ</subfield><subfield code="d">NVF</subfield><subfield code="d">OCLCF</subfield><subfield code="d">OCLCO</subfield><subfield code="d">NVF</subfield><subfield code="d">OCLCO</subfield><subfield code="d">NVF</subfield><subfield code="d">OCLCO</subfield></datafield><datafield ind1="1" ind2=" " tag="029"><subfield code="a">AU@</subfield><subfield code="b">000021576325</subfield></datafield><datafield ind1=" " ind2=" " tag="042"><subfield code="a">pcc</subfield></datafield><datafield ind1=" " ind2=" " tag="043"><subfield code="a">n-us-il</subfield><subfield code="a">n-us-in</subfield></datafield><datafield ind1="0" ind2=" " tag="130"><subfield code="a">Calumet day (Lansing, Ill. : 1969)</subfield></datafield><datafield ind1="1" ind2="4" tag="245"><subfield code="a">The Calumet day.</subfield></datafield><datafield ind1=" " ind2=" " tag="260"><subfield code="a">Lansing, Ill. :</subfield><subfield code="b">Calumet Pub. Co.</subfield></datafield><datafield ind1=" " ind2=" " tag="300"><subfield code="a">volumes</subfield></datafield><datafield ind1=" " ind2=" " tag="310"><subfield code="a">Weekly,</subfield><subfield code="b">Dec. 1983-&lt;Oct. 1987&gt;</subfield></datafield><datafield ind1=" " ind2=" " tag="321"><subfield code="a">Semiweekly,</subfield><subfield code="b">Sept. 1977-Dec. 1983</subfield></datafield><datafield ind1=" " ind2=" " tag="321"><subfield code="a">Weekly,</subfield><subfield code="b">&lt;Jan. 1970&gt;-Sept. 1977</subfield></datafield><datafield ind1="1" ind2=" " tag="362"><subfield code="a">Began in 1969?</subfield></datafield><datafield ind1="0" ind2=" " tag="362"><subfield code="a">-v. 19, no. 46 (Oct. 7, 1987).</subfield></datafield><datafield ind1=" " ind2=" " tag="588"><subfield code="a">Description based on: Vol. 2, no. 38 (Jan. 7, 1970).</subfield></datafield><datafield ind1=" " ind2="0" tag="651"><subfield code="a">Lansing (Ill.)</subfield><subfield code="v">Newspapers.</subfield></datafield><datafield ind1=" " ind2="0" tag="651"><subfield code="a">Whiting (Ind.)</subfield><subfield code="v">Newspapers.</subfield></datafield><datafield ind1=" " ind2="0" tag="651"><subfield code="a">Robertsdale (Hammond, Ind.)</subfield><subfield code="v">Newspapers.</subfield></datafield><datafield ind1=" " ind2="0" tag="651"><subfield code="a">Indiana Harbor (East Chicago, Ind.)</subfield><subfield code="v">Newspapers.</subfield></datafield><datafield ind1=" " ind2="0" tag="651"><subfield code="a">East Chicago (Ind.)</subfield><subfield code="v">Newspapers.</subfield></datafield><datafield ind1=" " ind2="0" tag="651"><subfield code="a">Calumet City (Ill.)</subfield><subfield code="v">Newspapers.</subfield></datafield><datafield ind1=" " ind2="0" tag="651"><subfield code="a">Calumet Region (Ill. and Ind.)</subfield><subfield code="v">Newspapers.</subfield></datafield><datafield ind1=" " ind2="7" tag="651"><subfield code="a">Illinois</subfield><subfield code="z">Lansing.</subfield><subfield code="2">fast</subfield><subfield code="0">(OCoLC)fst01205581</subfield></datafield><datafield ind1=" " ind2="7" tag="651"><subfield code="a">Indiana</subfield><subfield code="z">East Chicago.</subfield><subfield code="2">fast</subfield><subfield code="0">(OCoLC)fst01205429</subfield></datafield><datafield ind1=" " ind2="7" tag="651"><subfield code="a">Indiana</subfield><subfield code="z">East Chicago</subfield><subfield code="z">Indiana Harbor.</subfield><subfield code="2">fast</subfield><subfield code="0">(OCoLC)fst01319860</subfield></datafield><datafield ind1=" " ind2="7" tag="651"><subfield code="a">Indiana</subfield><subfield code="z">Hammond</subfield><subfield code="z">Robertsdale.</subfield><subfield code="2">fast</subfield><subfield code="0">(OCoLC)fst01322062</subfield></datafield><datafield ind1=" " ind2="7" tag="651"><subfield code="a">Indiana</subfield><subfield code="z">Whiting.</subfield><subfield code="2">fast</subfield><subfield code="0">(OCoLC)fst01218141</subfield></datafield><datafield ind1=" " ind2="7" tag="655"><subfield code="a">Newspapers.</subfield><subfield code="2">fast</subfield><subfield code="0">(OCoLC)fst01423814</subfield></datafield><datafield ind1=" " ind2=" " tag="752"><subfield code="a">United States</subfield><subfield code="b">Illinois</subfield><subfield code="c">Cook County</subfield><subfield code="d">Lansing.</subfield></datafield><datafield ind1="0" ind2=" " tag="775"><subfield code="t">Calumet day (Lansing, Ill. : East Chicago ed.)</subfield><subfield code="w">(DLC)sn 00062160</subfield><subfield code="w">(OCoLC)44040930</subfield></datafield><datafield ind1="0" ind2=" " tag="775"><subfield code="t">Calumet day (Lansing, Ill. : Burnham, Hegewisch, East Side ed.)</subfield><subfield code="w">(DLC)sn 00062161</subfield><subfield code="w">(OCoLC)44040453</subfield></datafield><datafield ind1="0" ind2=" " tag="775"><subfield code="t">Calumet day (Lansing, Ill. : Highland, Munster ed.)</subfield><subfield code="w">(DLC)sn 00062162</subfield><subfield code="w">(OCoLC)44041253</subfield></datafield><datafield ind1="0" ind2=" " tag="775"><subfield code="t">Calumet day (Lansing, Ill. : Calumet City ed.)</subfield><subfield code="w">(DLC)sn 00062163</subfield><subfield code="w">(OCoLC)44027719</subfield></datafield><datafield ind1="0" ind2=" " tag="775"><subfield code="t">Calumet day (Lansing, Ill. : Lansing ed.)</subfield><subfield code="w">(DLC)sn 00062164</subfield><subfield code="w">(OCoLC)44028648</subfield></datafield></record>